<record><leader>00000cas a22000007a 4500</leader><controlfield tag="001">22853287</controlfield><controlfield tag="008">901213d197619uucoumr ne      0    0eng d</controlfield><datafield ind1=" " ind2=" " tag="010"><subfield code="a">sn 90099940 </subfield></datafield><datafield ind1=" " ind2=" " tag="040"><subfield code="a">CNQ</subfield><subfield code="b">eng</subfield><subfield code="c">CNQ</subfield><subfield code="d">OCLCQ</subfield></datafield><datafield ind1=" " ind2=" " tag="042"><subfield code="a">msc</subfield></datafield><datafield ind1="0" ind2=" " tag="130"><subfield code="a">Mountain echo (Green Mountain Falls, Colo. : 1976)</subfield></datafield><datafield ind1="1" ind2="0" tag="245"><subfield code="a">Mountain echo.</subfield></datafield><datafield ind1=" " ind2=" " tag="260"><subfield code="a">Green Mountain Falls [Colo.] :</subfield><subfield code="b">Jan Pettit and Dorothy Causey</subfield></datafield><datafield ind1=" " ind2=" " tag="300"><subfield code="a">v.</subfield></datafield><datafield ind1=" " ind2=" " tag="310"><subfield code="a">Monthly,</subfield><subfield code="b">Sept. 16, 1976-</subfield></datafield><datafield ind1=" " ind2=" " tag="321"><subfield code="a">Biweekly,</subfield><subfield code="b">Aug. 1-26, 1976</subfield></datafield><datafield ind1="1" ind2=" " tag="362"><subfield code="a">Vol. 1, no. 18 (Aug. 1, 1976)-</subfield></datafield><datafield ind1=" " ind2=" " tag="752"><subfield code="a">United States</subfield><subfield code="b">Colorado</subfield><subfield code="c">El Paso</subfield><subfield code="d">Green Mountain Falls.</subfield></datafield><datafield ind1="0" ind2="0" tag="780"><subfield code="t">Triangle echo</subfield><subfield code="w">(DLC)sn 90099941</subfield></datafield></record>